<?xml version="1.0" encoding="UTF-8"?><collection xmlns="http://www.loc.gov/MARC21/slim"><record><leader>00394nam--2200133-i-4500</leader><controlfield tag="001">000032963</controlfield><controlfield tag="002">20161230</controlfield><controlfield tag="005">20161230201039</controlfield><controlfield tag="008">060222s1000------------r-----000-0-eng-d</controlfield><datafield ind1=" " ind2=" " tag="080"><subfield code="a">681.5:539(043)</subfield></datafield><datafield ind1=" " ind2=" " tag="100"><subfield code="a">Mihai, Nelu</subfield></datafield><datafield ind1=" " ind2=" " tag="245"><subfield code="a">Automatizarea experimentelor de fizica nucleara cu minicalculatoare-sisteme de operare destribuite. teza</subfield></datafield><datafield ind1=" " ind2=" " tag="260"><subfield code="a">Bucuresti, Ifa, 1991. 128p</subfield></datafield><datafield ind1=" " ind2=" " tag="852"><subfield code="a">79835</subfield></datafield></record></collection>